<?xml version="1.0" encoding="UTF-8"?>
<record xmlns="http://www.loc.gov/MARC21/slim">
   <leader>01073cam a2200253 a 4500</leader>
   <controlfield tag="001">366419</controlfield>
   <controlfield tag="003">NjP</controlfield>
   <controlfield tag="005">20120521201223.0</controlfield>
   <controlfield tag="008">870408s1921    ly           f00010 ara d</controlfield>
   <datafield tag="024" ind1="7" ind2=" ">
      <subfield code="a">princeton_aco004735</subfield>
      <subfield code="2">local</subfield>
   </datafield>
   <datafield ind1=" " ind2=" " tag="035">
      <subfield code="a">(OCoLC)33996156</subfield>
   </datafield>
   <datafield ind1=" " ind2=" " tag="035">
      <subfield code="a">(CStRLIN)NJPG87-B16032</subfield>
   </datafield>
   <datafield ind1=" " ind2=" " tag="035">
      <subfield code="9">ABU1841TS</subfield>
   </datafield>
   <datafield ind1=" " ind2=" " tag="040">
      <subfield code="a">NjP</subfield>
      <subfield code="c">NjP</subfield>
   </datafield>
   <datafield ind1=" " ind2=" " tag="043">
      <subfield code="a">f-ly---</subfield>
   </datafield>
   <datafield ind1="1" ind2=" " tag="100">
      <subfield code="a">ʻAlīm, ʻAbd al-Salām,</subfield>
      <subfield code="d">17th century.</subfield>
   </datafield>
   <datafield ind1="1" ind2="0" tag="240">
      <subfield code="a">Ishārāt</subfield>
   </datafield>
   <datafield ind1="1" ind2="0" tag="245">
      <subfield code="a">Kitāb al-ishārāt :</subfield>
      <subfield code="b">li-baʻḍ ma-bi-Ṭarābulus al-Gharb min al-mazārāt /</subfield>
      <subfield code="c">taʾlīf ʻAbd al-Salām ibn ʻUthmān ibn ʻIzz al-Dīn ibn ʻAbd al-Wahhāb ibn ʻAbd al-Salām al-Asmar al-Fitūrī al-Ṭarābulsī; naqalahu min al-khuṭūṭ al-Ṭarabulsīyah wa-iʻtaná bi-muqābalatihi wa-nashrihi Rūfaʾīl Rāpiks.</subfield>
   </datafield>
   <datafield ind1=" " ind2=" " tag="260">
      <subfield code="a">Ṭarābulus al-Gharb [Libya :</subfield>
      <subfield code="b">s.n.],</subfield>
      <subfield code="c">1921.</subfield>
   </datafield>
   <datafield ind1=" " ind2=" " tag="300">
      <subfield code="a">132 p. ;</subfield>
      <subfield code="c">17 cm.</subfield>
   </datafield>
   <datafield ind1=" " ind2="0" tag="650">
      <subfield code="a">Tombs</subfield>
      <subfield code="x">Libya.</subfield>
   </datafield>
   <datafield ind1=" " ind2="0" tag="650">
      <subfield code="a">Mausoleums</subfield>
      <subfield code="x">Libya.</subfield>
   </datafield>
   <datafield ind1=" " ind2="0" tag="650">
      <subfield code="a">Sepulchral monuments</subfield>
      <subfield code="x">Libya.</subfield>
   </datafield>
   <datafield ind1=" " ind2=" " tag="998">
      <subfield code="a">04/15/87</subfield>
      <subfield code="s">9114</subfield>
      <subfield code="n">NjP</subfield>
      <subfield code="w">NJPG87B16032</subfield>
      <subfield code="d">04/08/87</subfield>
      <subfield code="c">DGH</subfield>
      <subfield code="b">MT</subfield>
      <subfield code="i">870415</subfield>
      <subfield code="l">NJPG</subfield>
   </datafield>
   <datafield ind1=" " ind2=" " tag="911">
      <subfield code="a">19921028</subfield>
   </datafield>
   <datafield ind1=" " ind2=" " tag="912">
      <subfield code="a">19900827000000.0</subfield>
   </datafield>
   <datafield ind1="0" ind2="0" tag="852">
      <subfield code="0">400346</subfield>
      <subfield code="b">rcppa</subfield>
      <subfield code="t">1</subfield>
      <subfield code="h">CC950.L4</subfield>
      <subfield code="i">A5</subfield>
      <subfield code="x">tr fr arab</subfield>
   </datafield>
   <datafield ind1=" " ind2=" " tag="959">
      <subfield code="a">2000-06-13 00:00:00 -0500</subfield>
   </datafield>
</record>
